@article{augustinovich_11,
  title    = {Совершенные 2-раскраски транзитивных кубических графов},
  author   = {Августинович, С. В. and Лисицына, М. А.},
  year     = {2011},
  language = {russian},
  address  = {Новосибирск},
  journal  = {Дискрет. анализ и исслед. операций},
  volume   = {18},
  number   = {2},
  pages    = {3--17}
}

@article{horoshilova_9,
  title    = {О циркулярных раскрасках в два цвета},
  author   = {Хорошилова, Д. Б.},
  year     = {2009},
  language = {russian},
  address  = {Новосибирск},
  journal  = {Дискрет. анализ и исслед. операций},
  volume   = {16},
  number   = {1},
  pages    = {80--92}
}

@article{puzynina_5,
  title    = {Совершенные раскраски вершин графа $G(Z^2)$ в три цвета},
  author   = {Пузынина, С. А.},
  year     = {2005},
  language = {russian},
  address  = {Новосибирск},
  journal  = {Дискрет. анализ и исслед. операций},
  series   = {2},
  volume   = {12},
  number   = {1},
  pages    = {37--54}
}

@online{mpi,
  title        = {A message-passing interface standard},
  howpublished = {Message Passing Interface Forum},
  url          = {https://www.mpi-forum.org/docs/mpi-3.1/mpi31-report.pdf},
  urldate      = {31.05.2022},
  language     = {russian}
}

@online{tikz,
  title        = {The TikZ and PGF Packages},
  howpublished = {Institut für Theoretische Informatik Universität zu Lübeck},
  url          = {https://ctan.altspu.ru/graphics/pgf/base/doc/pgfmanual.pdf},
  urldate      = {31.05.2022},
  language     = {russian}
}

@book{latex,
  author    = {Lamport, L.},
  title     = {LaTeX: a document preparation system},
  address   = {New York},
  publisher = {Addison-Wesley Publishing Company},
  year      = {1994},
  language  = {english},
  owner     = {orig},
  numpages  = {273}
}

@book{tex,
  author    = {Knuth, D. E. and Bibby, D.},
  title     = {The TeXbook},
  address   = {New York},
  publisher = {Addison-Wesley Publishing Company},
  year      = {1984},
  language  = {english},
  owner     = {orig},
  numpages  = {496}
}

@misc{ieee1995ieee,
  title     = {IEEE Std 1003.1 c-1995, Threads Extensions},
  author    = {IEEE Portable Applications Standards, Committee and others},
  year      = {1995},
  publisher = {IEEE}
}